00100000         208658362000186002439515001417019  0124240000040361-X0 DOT COMPANY T.I.              BANCO DO BRASIL                         11804201309373900000103000000                                                      000            
00100011R01  020 2008658362000186002439515001417019  0124240000040361-X0 DOT COMPANY T.I.                                                                                              000000011804201300000000                                 
0010001300001P 010124240000040361-X0 2439515000733       712226119           1904201300000000000020000000 17N17042013300000000000000000000000000000000000000000000000000000000000000000000000000000                         3000000090000000000 
0010001300002Q 012008658362000186DOT COMPANY ASSESSORIA E DESENV. DE SOFTRUA 24                                  SETOR DAS ESMER74355422GOIANIA        GO0000000000000000                                        000                            
0010001300003R 01000000000000000000000000000000000000000000000000100000000000000000000000                                                                                          0000000000000000000000000000                                 
00100015         00000500000000000000000000000000000000000000000000000000000000000000000000000000000000000000000000                                                                                                                             
00199999         000001000007000000                                                                                                                                                                                                             
